@article{PhysRevA.31.3761,
  title = {{Input and output in damped quantum systems: Quantum stochastic differential equations and the master equation}},
  author = {Gardiner, C. W. and Collett, M. J.},
  journal = {Phys. Rev. A},
  volume = {31},
  issue = {6},
  pages = {3761--3774},
  numpages = {0},
  year = {1985},
  month = {Jun},
  publisher = {American Physical Society},
  doi = {10.1103/PhysRevA.31.3761},
  url = {https://link.aps.org/doi/10.1103/PhysRevA.31.3761}
}
@article{PhysRevA.106.042603,
  title = {{Coherent control of a local phonon in trapped ions using dynamical decoupling}},
  author = {Ohira, Ryutaro and Kume, Shota and Toyoda, Kenji},
  journal = {Phys. Rev. A},
  volume = {106},
  issue = {4},
  pages = {042603},
  numpages = {8},
  year = {2022},
  month = {Oct},
  publisher = {American Physical Society},
  doi = {10.1103/PhysRevA.106.042603},
  url = {https://link.aps.org/doi/10.1103/PhysRevA.106.042603}
}

@article{PhysRevLett.134.183603,
  title = {{Cavity-Enhanced Solid-State Nuclear Spin Gyroscope}},
  author = {Wang, Hanfeng and Wu, Shuang and Jacobs, Kurt and Duan, Yuqin and Englund, Dirk R. and Trusheim, Matthew E.},
  journal = {Phys. Rev. Lett.},
  volume = {134},
  issue = {18},
  pages = {183603},
  numpages = {7},
  year = {2025},
  month = {May},
  publisher = {American Physical Society},
  doi = {10.1103/PhysRevLett.134.183603},
  url = {https://link.aps.org/doi/10.1103/PhysRevLett.134.183603}
}
@article{schmidt2003realize,
  title = {{How to realize a universal quantum gate with trapped ions}},
  author={Schmidt-Kaler, F and H{\"a}ffner, Hartmut and Gulde, S and Riebe, M and Lancaster, Gavin PT and Deuschle, T and Becher, C and H{\"a}nsel, W and Eschner, J and Roos, CF and Blatt, R},
  journal={Applied Physics B},
  volume={77},
  pages={789--796},
  year={2003},
  doi = {10.1007/s00340-003-1346-9},
  publisher={Springer}
}
@article{schmidt2003realization,
  title = {{Realization of the Cirac--Zoller controlled-NOT quantum gate}},
  author={Schmidt-Kaler, Ferdinand and H{\"a}ffner, Hartmut and Riebe, Mark and Gulde, Stephan and Lancaster, Gavin PT and Deuschle, Thomas and Becher, Christoph and Roos, Christian F and Eschner, J{\"u}rgen and Blatt, Rainer},
  journal={Nature},
  volume={422},
  number={6930},
  pages={408--411},
  year={2003},
  doi = {doi.org/10.1038/nature01494},
  publisher={Nature Publishing Group UK London}
}
@article{PhysRevLett.134.183603,
  title = {{Cavity-Enhanced Solid-State Nuclear Spin Gyroscope}},
  author = {Wang, Hanfeng and Wu, Shuang and Jacobs, Kurt and Duan, Yuqin and Englund, Dirk R. and Trusheim, Matthew E.},
  journal = {Phys. Rev. Lett.},
  volume = {134},
  issue = {18},
  pages = {183603},
  numpages = {7},
  year = {2025},
  month = {May},
  publisher = {American Physical Society},
  doi = {10.1103/PhysRevLett.134.183603},
  url = {https://link.aps.org/doi/10.1103/PhysRevLett.134.183603}
}
@article{PhysRevA.86.062104,
  title = {{Stable three-axis nuclear-spin gyroscope in diamond}},
  author = {Ajoy, Ashok and Cappellaro, Paola},
  journal = {Phys. Rev. A},
  volume = {86},
  issue = {6},
  pages = {062104},
  numpages = {7},
  year = {2012},
  month = {Dec},
  publisher = {American Physical Society},
  doi = {10.1103/PhysRevA.86.062104},
  url = {https://link.aps.org/doi/10.1103/PhysRevA.86.062104}
}
@article{wang2024spin,
  title = {{A spin-refrigerated cavity quantum electrodynamic sensor}},
  author={Wang, Hanfeng and Tiwari, Kunal L and Jacobs, Kurt and Judy, Michael and Zhang, Xin and Englund, Dirk R and Trusheim, Matthew E},
  journal={Nature Communications},
  volume={15},
  number={1},
  pages={10320},
  year={2024},
  doi = {10.1038/s41467-024-54333-8},
  publisher={Nature Publishing Group UK London}
}
@article{PhysRevA.109.022620,
  title = {{Passive dynamical decoupling of trapped-ion qubits and qudits}},
  author = {Sutherland, R. T. and Erickson, S. D.},
  journal = {Phys. Rev. A},
  volume = {109},
  issue = {2},
  pages = {022620},
  numpages = {7},
  year = {2024},
  month = {Feb},
  publisher = {American Physical Society},
  doi = {10.1103/PhysRevA.109.022620},
  url = {https://link.aps.org/doi/10.1103/PhysRevA.109.022620}
}
@article{PhysRevLett.112.050504,
  title = {{Scalable Implementation of Boson Sampling with Trapped Ions}},
  author = {Shen, C. and Zhang, Z. and Duan, L.-M.},
  journal = {Phys. Rev. Lett.},
  volume = {112},
  issue = {5},
  pages = {050504},
  numpages = {5},
  year = {2014},
  month = {Feb},
  publisher = {American Physical Society},
  doi = {10.1103/PhysRevLett.112.050504},
  url = {https://link.aps.org/doi/10.1103/PhysRevLett.112.050504}
}
@article{PhysRevA.81.041803,
  title = {{Electromagnetically induced transparency in mechanical effects of light}},
  author = {Agarwal, G. S. and Huang, Sumei},
  journal = {Phys. Rev. A},
  volume = {81},
  issue = {4},
  pages = {041803},
  numpages = {4},
  year = {2010},
  month = {Apr},
  publisher = {American Physical Society},
  doi = {10.1103/PhysRevA.81.041803},
  url = {https://link.aps.org/doi/10.1103/PhysRevA.81.041803}
}
@article{PhysRevLett.84.5094,
  title = {{Dark-State Polaritons in Electromagnetically Induced Transparency}},
  author = {Fleischhauer, M. and Lukin, M. D.},
  journal = {Phys. Rev. Lett.},
  volume = {84},
  issue = {22},
  pages = {5094--5097},
  numpages = {0},
  year = {2000},
  month = {May},
  publisher = {American Physical Society},
  doi = {10.1103/PhysRevLett.84.5094},
  url = {https://link.aps.org/doi/10.1103/PhysRevLett.84.5094}
}
@article{science.1195596,
  author = {Stefan Weis  and Rémi Rivière  and Samuel Deléglise  and Emanuel Gavartin  and Olivier Arcizet  and Albert Schliesser  and Tobias J. Kippenberg },
  title = {{Optomechanically Induced Transparency}},
  journal = {Science},
  volume = {330},
  number = {6010},
  pages = {1520-1523},
  year = {2010},
  doi = {10.1126/science.1195596},
  URL = {https://www.science.org/doi/abs/10.1126/science.1195596},
  eprint = {https://www.science.org/doi/pdf/10.1126/science.1195596},
}
@article{lake2020two,
  title = {{Two-colour interferometry and switching through optomechanical dark mode excitation}},
  author={Lake, David P and Mitchell, Matthew and Sanders, Barry C and Barclay, Paul E},
  journal={Nature communications},
  volume={11},
  number={1},
  pages={2208},
  year={2020},
  doi = {10.1038/s41467-020-15625-x},
  publisher={Nature Publishing Group UK London}
}
@article{PhysRevA.111.053508,
  title = {{Enhancing optomechanical force sensing utilizing synthetic magnetism}},
  author = {Xu, Ding-hui and Liu, Zheng and Yu, Chang-shui},
  journal = {Phys. Rev. A},
  volume = {111},
  issue = {5},
  pages = {053508},
  numpages = {10},
  year = {2025},
  month = {May},
  publisher = {American Physical Society},
  doi = {10.1103/PhysRevA.111.053508},
  url = {https://link.aps.org/doi/10.1103/PhysRevA.111.053508}
}
@article{PhysRevA.111.053505,
  title = {{Kerr-enhanced optomechanical cooling in the unresolved-sideband regime}},
  author = {Diaz-Naufal, N. and Deeg, L. and Zoepfl, D. and Schneider, C. M. F. and Juan, M. L. and Kirchmair, G. and Metelmann, A.},
  journal = {Phys. Rev. A},
  volume = {111},
  issue = {5},
  pages = {053505},
  numpages = {15},
  year = {2025},
  month = {May},
  publisher = {American Physical Society},
  doi = {10.1103/PhysRevA.111.053505},
  url = {https://link.aps.org/doi/10.1103/PhysRevA.111.053505}
}
@article{PhysRevLett.134.153603,
  title = {{Strong Intrinsic Longitudinal Coupling in Circuit Quantum Electrodynamics}},
  author = {Potts, C. A. and Dekker, R. C. and Deve, S. and Strijbis, E. W. and Steele, G. A.},
  journal = {Phys. Rev. Lett.},
  volume = {134},
  issue = {15},
  pages = {153603},
  numpages = {7},
  year = {2025},
  month = {Apr},
  publisher = {American Physical Society},
  doi = {10.1103/PhysRevLett.134.153603},
  url = {https://link.aps.org/doi/10.1103/PhysRevLett.134.153603}
}
@article{PhysRevLett.129.063602,
  title = {{Noise-Tolerant Optomechanical Entanglement via Synthetic Magnetism}},
  author = {Lai, Deng-Gao and Liao, Jie-Qiao and Miranowicz, Adam and Nori, Franco},
  journal = {Phys. Rev. Lett.},
  volume = {129},
  issue = {6},
  pages = {063602},
  numpages = {8},
  year = {2022},
  month = {Aug},
  publisher = {American Physical Society},
  doi = {10.1103/PhysRevLett.129.063602},
  url = {https://link.aps.org/doi/10.1103/PhysRevLett.129.063602}
}
@article{PhysRevA.92.043822,
  title = {{Suppression of Rabi oscillations in hybrid optomechanical systems}},
  author = {Holz, Timo and Betzholz, Ralf and Bienert, Marc},
  journal = {Phys. Rev. A},
  volume = {92},
  issue = {4},
  pages = {043822},
  numpages = {8},
  year = {2015},
  month = {Oct},
  publisher = {American Physical Society},
  doi = {10.1103/PhysRevA.92.043822},
  url = {https://link.aps.org/doi/10.1103/PhysRevA.92.043822}
}
@article{PhysRevLett.112.050504,
  title = {{Scalable Implementation of Boson Sampling with Trapped Ions}},
  author = {Shen, C. and Zhang, Z. and Duan, L.-M.},
  journal = {Phys. Rev. Lett.},
  volume = {112},
  issue = {5},
  pages = {050504},
  numpages = {5},
  year = {2014},
  month = {Feb},
  publisher = {American Physical Society},
  doi = {10.1103/PhysRevLett.112.050504},
  url = {https://link.aps.org/doi/10.1103/PhysRevLett.112.050504}
}
@article{PhysRevLett.120.073001,
  title = {{Observation of Hopping and Blockade of Bosons in a Trapped Ion Spin Chain}},
  author = {Debnath, S. and Linke, N. M. and Wang, S.-T. and Figgatt, C. and Landsman, K. A. and Duan, L.-M. and Monroe, C.},
  journal = {Phys. Rev. Lett.},
  volume = {120},
  issue = {7},
  pages = {073001},
  numpages = {5},
  year = {2018},
  month = {Feb},
  publisher = {American Physical Society},
  doi = {10.1103/PhysRevLett.120.073001},
  url = {https://link.aps.org/doi/10.1103/PhysRevLett.120.073001}
}
@article{PhysRevLett.93.263602,
  title = {{Bose-Einstein Condensation and Strong-Correlation Behavior of Phonons in Ion Traps}},
  author = {Porras, D. and Cirac, J. I.},
  journal = {Phys. Rev. Lett.},
  volume = {93},
  issue = {26},
  pages = {263602},
  numpages = {4},
  year = {2004},
  month = {Dec},
  publisher = {American Physical Society},
  doi = {10.1103/PhysRevLett.93.263602},
  url = {https://link.aps.org/doi/10.1103/PhysRevLett.93.263602}
}
@article{chen2023quantum,
  title = {{Quantum enhanced radio detection and ranging with solid spins}},
  author={Chen, Xiang-Dong and Wang, En-Hui and Shan, Long-Kun and Zhang, Shao-Chun and Feng, Ce and Zheng, Yu and Dong, Yang and Guo, Guang-Can and Sun, Fang-Wen},
  journal={Nature Communications},
  volume={14},
  number={1},
  pages={1288},
  year={2023},
  doi = {10.1038/s41467-023-36929-8},
  publisher={Nature Publishing Group UK London}
}
@article{PhysRevLett.105.220501,
  title = {{Optomechanical Transducers for Long-Distance Quantum Communication}},
  author = {Stannigel, K. and Rabl, P. and S\o{}rensen, A. S. and Zoller, P. and Lukin, M. D.},
  journal = {Phys. Rev. Lett.},
  volume = {105},
  issue = {22},
  pages = {220501},
  numpages = {4},
  year = {2010},
  month = {Nov},
  publisher = {American Physical Society},
  doi = {10.1103/PhysRevLett.105.220501},
  url = {https://link.aps.org/doi/10.1103/PhysRevLett.105.220501}
}
@article{science.1228370,
  author = {Chunhua Dong  and Victor Fiore  and Mark C. Kuzyk  and Hailin Wang },
  title = {{Optomechanical Dark Mode}},
  journal = {Science},
  volume = {338},
  number = {6114},
  pages = {1609-1613},
  year = {2012},
  doi = {10.1126/science.1228370},
  URL = {https://www.science.org/doi/abs/10.1126/science.1228370},
  eprint = {https://www.science.org/doi/pdf/10.1126/science.1228370},
}
@article{PhysRevLett.130.213601,
  title = {{Telecom-Wavelength Quantum Repeater Node Based on a Trapped-Ion Processor}},
  author = {Krutyanskiy, V. and Canteri, M. and Meraner, M. and Bate, J. and Krcmarsky, V. and Schupp, J. and Sangouard, N. and Lanyon, B. P.},
  journal = {Phys. Rev. Lett.},
  volume = {130},
  issue = {21},
  pages = {213601},
  numpages = {7},
  year = {2023},
  month = {May},
  publisher = {American Physical Society},
  doi = {10.1103/PhysRevLett.130.213601},
  url = {https://link.aps.org/doi/10.1103/PhysRevLett.130.213601}
}
@article{lake2020two,
  title = {{Two-colour interferometry and switching through optomechanical dark mode excitation}},
  author={Lake, David P and Mitchell, Matthew and Sanders, Barry C and Barclay, Paul E},
  journal={Nature communications},
  volume={11},
  number={1},
  pages={2208},
  year={2020},
  doi = {10.1038/s41467-020-15625-x},
  publisher={Nature Publishing Group UK London}
}
@article{low2025control,
  title = {{Control and readout of a 13-level trapped ion qudit}},
  author={Low, Pei Jiang and White, Brendan and Senko, Crystal},
  journal={npj Quantum Information},
  volume={11},
  number={1},
  pages={1--10},
  year={2025},
  doi = {10.1038/s41534-025-01031-y},
  publisher={Nature Publishing Group}
}
@article{PhysRevLett.128.150501,
  title = {{Metrological Characterization of Non-Gaussian Entangled States of Superconducting Qubits}},
  author = {Xu, Kai and Zhang, Yu-Ran and Sun, Zheng-Hang and Li, Hekang and Song, Pengtao and Xiang, Zhongcheng and Huang, Kaixuan and Li, Hao and Shi, Yun-Hao and Chen, Chi-Tong and Song, Xiaohui and Zheng, Dongning and Nori, Franco and Wang, H. and Fan, Heng},
  journal = {Phys. Rev. Lett.},
  volume = {128},
  issue = {15},
  pages = {150501},
  numpages = {8},
  year = {2022},
  month = {Apr},
  publisher = {American Physical Society},
  doi = {10.1103/PhysRevLett.128.150501},
  url = {https://link.aps.org/doi/10.1103/PhysRevLett.128.150501}
}
@article{boutakka2025quantum,
  title = {{Quantum entanglement in two-photon Rabi Stark model}},
  author={Boutakka, Zakaria and Sakhi, Zoubida and Bennai, Mohamed},
  journal={Applied Physics B},
  volume={131},
  number={6},
  pages={1--8},
  year={2025},
  doi = {10.1007/s00340-025-08470-7},
  publisher={Springer}
}
@article{massel2012multimode,
  title = {{Multimode circuit optomechanics near the quantum limit}},
  author={Massel, Francesco and Cho, Sung Un and Pirkkalainen, Juha-Matti and Hakonen, Pertti J and Heikkil{\"a}, Tero T and Sillanp{\"a}{\"a}, Mika A},
  journal={Nature communications},
  volume={3},
  number={1},
  pages={987},
  year={2012},
  doi = {10.1038/ncomms1993},
  publisher={Nature Publishing Group UK London}
}
@article{PhysRevLett.46.1,
  title = {{Quantum Langevin Equation}},
  author = {Benguria, Rafael and Kac, Mark},
  journal = {Phys. Rev. Lett.},
  volume = {46},
  issue = {1},
  pages = {1--4},
  numpages = {0},
  year = {1981},
  month = {Jan},
  publisher = {American Physical Society},
  doi = {10.1103/PhysRevLett.46.1},
  url = {https://link.aps.org/doi/10.1103/PhysRevLett.46.1}
}
@article{eichenfield2009picogram,
  title = {{A picogram-and nanometre-scale photonic-crystal optomechanical cavity}},
  author={Eichenfield, Matt and Camacho, Ryan and Chan, Jasper and Vahala, Kerry J and Painter, Oskar},
  journal={nature},
  volume={459},
  number={7246},
  pages={550--555},
  year={2009},
  doi = {10.1038/nature08061},
  publisher={Nature Publishing Group UK London}
}
@article{boutakkaQuantumEntanglementTwophoton2025,
  title = {{Quantum Entanglement in Two-Photon {{Rabi Stark}}} Model},
  author = {Boutakka, Zakaria and Sakhi, Zoubida and Bennai, Mohamed},
  year = {2025},
  journal = {Applied Physics B},
  volume = {131},
  number = {6},
  pages = {113},
  issn = {1432-0649},
  doi = {10.1007/s00340-025-08470-7},
  urldate = {2025-05-27},
  langid = {english}
}
@article{hammaniTwophotonQuantumRabi2023,
  title = {{On the Two-Photon Quantum {{Rabi}}} Model at the Critical Coupling Strength},
  author = {Hammani, M. and Sakhi, Z. and Bennai, M.},
  year = {2023},
  journal = {Optical and Quantum Electronics},
  volume = {56},
  number = {1},
  pages = {102},
  issn = {1572-817X},
  doi = {10.1007/s11082-023-05522-0},
  urldate = {2025-05-31},
  langid = {english}
}
@article{grimsmoCavityQEDSimulationQubitoscillator2013a,
  title = {{Cavity-{{QED}}} Simulation of Qubit-Oscillator Dynamics in the Ultrastrong-Coupling Regime},
  author = {Grimsmo, Arne L. and Parkins, Scott},
  year = {2013},
  month = mar,
  journal = {Physical Review A},
  volume = {87},
  number = {3},
  pages = {033814},
  issn = {1050-2947, 1094-1622},
  doi = {10.1103/PhysRevA.87.033814},
  urldate = {2025-05-31},
  copyright = {http://link.aps.org/licenses/aps-default-license},
  langid = {english}
}
@article{braakIntegrabilityRabiModel2011a,
  title = {{Integrability of the {{Rabi Model}}}},
  author = {Braak, D.},
  year = {2011},
  month = aug,
  journal = {Physical Review Letters},
  volume = {107},
  number = {10},
  pages = {100401},
  issn = {0031-9007, 1079-7114},
  doi = {10.1103/PhysRevLett.107.100401},
  urldate = {2025-05-31},
  copyright = {http://link.aps.org/licenses/aps-default-license},
  langid = {english}
}
@article{congSelectiveInteractionsQuantum2020,
  title = {{Selective Interactions in the Quantum {{Rabi}}} Model},
  author = {Cong, L. and Felicetti, S. and Casanova, J. and Lamata, L. and Solano, E. and Arrazola, I.},
  year = {2020},
  month = mar,
  journal = {Physical Review A},
  volume = {101},
  number = {3},
  pages = {032350},
  issn = {2469-9926, 2469-9934},
  doi = {10.1103/PhysRevA.101.032350},
  urldate = {2025-05-31},
  langid = {english}
}
@article{PhysRevX.15.021073,
  title = {{Hybrid Quantum-Classical Stochastic Approach to Dissipative Spin-Boson Models}},
  author = {Kamar, Naushad A. and Maghrebi, Mohammad},
  journal = {Phys. Rev. X},
  volume = {15},
  issue = {2},
  pages = {021073},
  numpages = {31},
  year = {2025},
  month = {May},
  publisher = {American Physical Society},
  doi = {10.1103/PhysRevX.15.021073},
  url = {https://link.aps.org/doi/10.1103/PhysRevX.15.021073}
}
@article{ashhabPropertiesDynamicsGeneralized2025b,
  title = {{Properties and Dynamics of Generalized Squeezed States}},
  author = {Ashhab, Sahel and Ayyash, Mohammad},
  year = {2025},
  month = may,
  journal = {New Journal of Physics},
  volume = {27},
  number = {5},
  pages = {054104},
  issn = {1367-2630},
  doi = {10.1088/1367-2630/add7fc},
  urldate = {2025-06-02},
  langid = {english}
}
@article{PhysRevA.88.033614,
  title = {{Large quantum superpositions of a levitated nanodiamond through spin-optomechanical coupling}},
  author = {Yin, Zhang-qi and Li, Tongcang and Zhang, Xiang and Duan, L. M.},
  journal = {Phys. Rev. A},
  volume = {88},
  issue = {3},
  pages = {033614},
  numpages = {6},
  year = {2013},
  month = {Sep},
  publisher = {American Physical Society},
  doi = {10.1103/PhysRevA.88.033614},
  url = {https://link.aps.org/doi/10.1103/PhysRevA.88.033614}
}
@article{o2010quantum,
  title = {{Quantum ground state and single-phonon control of a mechanical resonator}},
  author={O’Connell, Aaron D and Hofheinz, Max and Ansmann, Markus and Bialczak, Radoslaw C and Lenander, Mike and Lucero, Erik and Neeley, Matthew and Sank, Daniel and Wang, H and Weides, Martin and others},
  journal={Nature},
  volume={464},
  number={7289},
  pages={697--703},
  year={2010},
  doi = {10.1038/nature08967},
  publisher={Nature Publishing Group UK London}
}
@article{chan2011laser,
  title = {{Laser cooling of a nanomechanical oscillator into its quantum ground state}},
  author={Chan, Jasper and Alegre, TP Mayer and Safavi-Naeini, Amir H and Hill, Jeff T and Krause, Alex and Gr{\"o}blacher, Simon and Aspelmeyer, Markus and Painter, Oskar},
  journal={Nature},
  volume={478},
  number={7367},
  pages={89--92},
  year={2011},
  doi = {10.1038/nature10461},
  publisher={Nature Publishing Group UK London}
}
@article{teufel2011sideband,
  title = {{Sideband cooling of micromechanical motion to the quantum ground state}},
  author={Teufel, John D and Donner, Tobias and Li, Dale and Harlow, Jennifer W and Allman, MS and Cicak, Katarina and Sirois, Adam J and Whittaker, Jed D and Lehnert, Konrad W and Simmonds, Raymond W},
  journal={Nature},
  volume={475},
  number={7356},
  pages={359--363},
  doi = {10.1038/nature10261},
  year={2011},
  publisher={Nature Publishing Group UK London}
}
@article{PhysRevLett.107.020405,
  title = {{Large Quantum Superpositions and Interference of Massive Nanometer-Sized Objects}},
  author = {Romero-Isart, O. and Pflanzer, A. C. and Blaser, F. and Kaltenbaek, R. and Kiesel, N. and Aspelmeyer, M. and Cirac, J. I.},
  journal = {Phys. Rev. Lett.},
  volume = {107},
  issue = {2},
  pages = {020405},
  numpages = {4},
  year = {2011},
  month = {Jul},
  publisher = {American Physical Society},
  doi = {10.1103/PhysRevLett.107.020405},
  url = {https://link.aps.org/doi/10.1103/PhysRevLett.107.020405}
}
@article{PhysRevA.84.052121,
  title = {{Quantum superposition of massive objects and collapse models}},
  author = {Romero-Isart, Oriol},
  journal = {Phys. Rev. A},
  volume = {84},
  issue = {5},
  pages = {052121},
  numpages = {17},
  year = {2011},
  month = {Nov},
  publisher = {American Physical Society},
  doi = {10.1103/PhysRevA.84.052121},
  url = {https://link.aps.org/doi/10.1103/PhysRevA.84.052121}
}
@article{PhysRevLett.76.1796,
  title = {{Generation of Nonclassical Motional States of a Trapped Atom}},
  author = {Meekhof, D. M. and Monroe, C. and King, B. E. and Itano, W. M. and Wineland, D. J.},
  journal = {Phys. Rev. Lett.},
  volume = {76},
  issue = {11},
  pages = {1796--1799},
  numpages = {0},
  year = {1996},
  month = {Mar},
  publisher = {American Physical Society},
  doi = {10.1103/PhysRevLett.76.1796},
  url = {https://link.aps.org/doi/10.1103/PhysRevLett.76.1796}
}
@article{PhysRevLett.104.063002,
  title = {{Fast Optimal Frictionless Atom Cooling in Harmonic Traps: Shortcut to Adiabaticity}},
  author = {Chen, Xi and Ruschhaupt, A. and Schmidt, S. and del Campo, A. and Gu\'ery-Odelin, D. and Muga, J. G.},
  journal = {Phys. Rev. Lett.},
  volume = {104},
  issue = {6},
  pages = {063002},
  numpages = {4},
  year = {2010},
  month = {Feb},
  publisher = {American Physical Society},
  doi = {10.1103/PhysRevLett.104.063002},
  url = {https://link.aps.org/doi/10.1103/PhysRevLett.104.063002}
}

